@book{enderton2001,
  title={A mathematical introduction to logic},
  author={Enderton, Herbert and Enderton, Herbert B},
  year={2001},
  publisher={Elsevier}
}

@book{functionsComputaveis,
    author    = "Walter A. Carnielli e Richard L. Epstein",
    title     = "Computabilidade, funções computáveis, lógica e os fundamentos
    da Matemática",
    year      = "2005",
    publisher = "Editora unesp",
    address   = "São Paulo - SP"
}

@book{kevinbook,
    author    = "Kevin Sullivan, Ben Hocking",
    title     = "Discrete Mathematics: A Constructive Approach",
    year      = "2018,2019",
    publisher = "Powered by Sphinx 1.8.2, Alabaster 0.7.12",
    address   = "Virginia - EUA"
}
